%% This BibTeX bibliography file was created using BibDesk.
%% http://bibdesk.sourceforge.net/

%% Created for Linus Yang at 2015-05-04 03:45:01 +0800 


%% Saved with string encoding Unicode (UTF-8) 



@incollection{dep:pisigma,
	Author = {Altenkirch, Thorsten and Danielsson, Nils Anders and L{\"o}h, Andres and Oury, Nicolas},
	Booktitle = {Functional and Logic Programming},
	Date-Added = {2015-05-03 19:37:24 +0000},
	Date-Modified = {2015-05-03 19:45:01 +0000},
	Pages = {40--55},
	Publisher = {Springer},
	Title = {{$\Pi$$\Sigma$: Dependent types without the sugar}},
	Year = {2010}}

@inproceedings{pts:rec,
	Author = {Severi, Paula G and de Vries, Fer-Jan J},
	Booktitle = {ACM SIGPLAN Notices},
	Date-Added = {2015-05-03 19:25:17 +0000},
	Date-Modified = {2015-05-03 19:25:34 +0000},
	Number = {9},
	Organization = {ACM},
	Pages = {141--152},
	Title = {Pure type systems with corecursion on streams: from finite to infinitary normalisation},
	Volume = {47},
	Year = {2012}}

@inproceedings{fc:kind,
	Author = {Weirich, Stephanie and Hsu, Justin and Eisenberg, Richard A},
	Booktitle = {Proceedings of the 18th ACM SIGPLAN International Conference on Functional Programming, ICFP},
	Date-Added = {2015-05-03 19:10:27 +0000},
	Date-Modified = {2015-05-03 19:42:15 +0000},
	Organization = {Citeseer},
	Title = {Towards dependently typed Haskell: System FC with kind equality},
	Volume = {13},
	Year = {2013}}

@book{adt:rec,
	Author = {Vanderwaart, Joseph C and Dreyer, Derek and Petersen, Leaf and Crary, Karl and Harper, Robert and Cheng, Perry},
	Date-Added = {2015-05-03 18:32:49 +0000},
	Date-Modified = {2015-05-03 19:42:01 +0000},
	Number = {3},
	Publisher = {ACM},
	Title = {Typed compilation of recursive datatypes},
	Volume = {38},
	Year = {2003}}

@article{zombie:popl14,
	Author = {Casinghino, Chris and Sj{\"o}berg, Vilhelm and Weirich, Stephanie},
	Date-Added = {2015-05-03 18:23:26 +0000},
	Date-Modified = {2015-05-03 19:26:04 +0000},
	Journal = {ACM SIGPLAN Notices},
	Number = {1},
	Pages = {33--45},
	Publisher = {ACM},
	Title = {Combining proofs and programs in a dependently typed language},
	Volume = {49},
	Year = {2014}}

@phdthesis{zombie:thesis,
	Author = {Vilhem Sj\"oberg},
	Coq = {papers/step_teqt.tar.gz},
	Date-Added = {2015-05-03 18:13:50 +0000},
	Date-Modified = {2015-05-03 19:26:09 +0000},
	Pdf = {papers/thesis.pdf},
	School = {University of Pennsylvania},
	Title = {A Dependently Typed Language with Nontermination},
	Year = {2015}}

@inproceedings{zombie:popl15,
	Acmid = {2676974},
	Address = {New York, NY, USA},
	Author = {Sj\"{o}berg, Vilhelm and Weirich, Stephanie},
	Booktitle = {Proceedings of the 42Nd Annual ACM SIGPLAN-SIGACT Symposium on Principles of Programming Languages},
	Date-Added = {2015-05-03 18:08:47 +0000},
	Date-Modified = {2015-05-03 19:26:12 +0000},
	Doi = {10.1145/2676726.2676974},
	Keywords = {congruence closure, dependent types},
	Location = {Mumbai, India},
	Numpages = {14},
	Pages = {369--382},
	Publisher = {ACM},
	Series = {POPL '15},
	Title = {Programming Up to Congruence},
	Year = {2015},
	Bdsk-Url-1 = {http://doi.acm.org/10.1145/2676726.2676974},
	Bdsk-Url-2 = {http://dx.doi.org/10.1145/2676726.2676974}}

@article{pts:fp,
	Author = {Roorda, J-W and Jeuring, JT},
	Date-Added = {2015-05-03 18:03:49 +0000},
	Date-Modified = {2015-05-03 19:25:39 +0000},
	Title = {Pure type systems for functional programming},
	Year = {2007}}

@article{fc:uhc,
	Author = {Middelkoop, Arie and Dijkstra, Atze and Swierstra, S Doaitse},
	Date-Added = {2015-05-03 18:01:37 +0000},
	Date-Modified = {2015-05-03 19:42:29 +0000},
	Journal = {Higher-Order and Symbolic Computation},
	Number = {2},
	Pages = {145--166},
	Publisher = {Springer},
	Title = {A lean specification for GADTs: system F with first-class equality proofs},
	Volume = {23},
	Year = {2010}}

@article{pts:henk,
	Author = {Jones, Simon Peyton and Meijer, Erik},
	Date-Added = {2015-05-03 18:00:03 +0000},
	Date-Modified = {2015-05-03 19:26:25 +0000},
	Title = {Henk: a typed intermediate language},
	Year = {1997}}

@inproceedings{fc,
	Author = {Sulzmann, Martin and Chakravarty, Manuel MT and Jones, Simon Peyton and Donnelly, Kevin},
	Booktitle = {Proceedings of the 2007 ACM SIGPLAN international workshop on Types in languages design and implementation},
	Date-Added = {2015-05-03 17:58:59 +0000},
	Date-Modified = {2015-05-03 19:42:22 +0000},
	Organization = {ACM},
	Pages = {53--66},
	Title = {System F with type equality coercions},
	Year = {2007}}

@inproceedings{fc:pro,
	Author = {Yorgey, Brent A and Weirich, Stephanie and Cretin, Julien and Peyton Jones, Simon and Vytiniotis, Dimitrios and Magalh{\~a}es, Jos{\'e} Pedro},
	Booktitle = {Proceedings of the 8th ACM SIGPLAN workshop on Types in language design and implementation},
	Date-Added = {2015-05-03 17:58:05 +0000},
	Date-Modified = {2015-05-03 19:42:25 +0000},
	Organization = {ACM},
	Pages = {53--66},
	Title = {Giving Haskell a promotion},
	Year = {2012}}
