%% This BibTeX bibliography file was created using BibDesk.
%% http://bibdesk.sourceforge.net/

%% Created for Linus Yang at 2015-03-03 02:58:15 +0800 


%% Saved with string encoding Unicode (UTF-8) 



@book{sorensen2006lectures,
	Author = {S{\o}rensen, Morten Heine and Urzyczyn, Pawel},
	Date-Added = {2015-03-02 18:58:15 +0000},
	Date-Modified = {2015-03-02 18:58:15 +0000},
	Publisher = {Elsevier},
	Title = {Lectures on the Curry-Howard isomorphism},
	Volume = {149},
	Year = {2006}}

@article{jones1997henk,
	Author = {Jones, Simon Peyton and Meijer, Erik},
	Date-Added = {2015-03-02 18:57:15 +0000},
	Date-Modified = {2015-03-02 18:57:15 +0000},
	Journal = {TIC},
	Title = {Henk: a typed intermediate language},
	Volume = {97},
	Year = {1997}}
